@manual{V500,
  author = {TU Dortmund},
  title = {V500 - Der Photoeffekt},
  year = 2019
}
